<record><leader>00000cas a22000007a 4500</leader><controlfield tag="001">16897431</controlfield><controlfield tag="008">871026d19761980aluwr ne      0    0eng d</controlfield><datafield ind1=" " ind2=" " tag="010"><subfield code="a">sn 87050336 </subfield></datafield><datafield ind1=" " ind2=" " tag="040"><subfield code="a">AAR</subfield><subfield code="b">eng</subfield><subfield code="c">AAR</subfield><subfield code="d">CPN</subfield><subfield code="d">OCLCQ</subfield></datafield><datafield ind1=" " ind2=" " tag="042"><subfield code="a">msc</subfield></datafield><datafield ind1="0" ind2="4" tag="245"><subfield code="a">The Shelby County news.</subfield></datafield><datafield ind1=" " ind2=" " tag="260"><subfield code="a">Montevallo, Ala. :</subfield><subfield code="b">Merchants Press,</subfield><subfield code="c">1976-1980.</subfield></datafield><datafield ind1=" " ind2=" " tag="300"><subfield code="a">v.</subfield></datafield><datafield ind1=" " ind2=" " tag="310"><subfield code="a">Weekly,</subfield><subfield code="b">Dec. 27, 1978-Nov. 27, 1980</subfield></datafield><datafield ind1=" " ind2=" " tag="321"><subfield code="a">Frequency varies,</subfield><subfield code="b">Dec. 23, 1976-Dec. 21, 1978</subfield></datafield><datafield ind1="0" ind2=" " tag="362"><subfield code="a">Vol. 4, no. 26 (Dec. 23, 1976)-v. 8, no. 9 (Nov. 27, 1980).</subfield></datafield><datafield ind1=" " ind2=" " tag="752"><subfield code="a">United States</subfield><subfield code="b">Alabama</subfield><subfield code="c">Shelby</subfield><subfield code="d">Montevallo.</subfield></datafield><datafield ind1="0" ind2="4" tag="780"><subfield code="t">Shelby news-monitor</subfield><subfield code="w">(DLC)sn 87050334</subfield></datafield><datafield ind1="0" ind2="4" tag="780"><subfield code="t">Shelby County advertiser</subfield><subfield code="w">(DLC)sn 87050335</subfield></datafield></record>